\usepackage{hyperref}
%-----------
% Publishers

% ========== Article ==========

@article{DBLP:journals/cm/GantiYL11,
  author    = {Raghu K. Ganti and Fan Ye and Hui Lei},
  title     = {Mobile Crowdsensing: Current State and Future Challenges},
  journal   = {{IEEE} Communications Magazine},
  volume    = {49},
  number    = {11},
  pages     = {32--39},
  year      = {2011},
  doi       = {10.1109/MCOM.2011.6069707},
}

@article{DBLP:journals/cm/WangZWCHM16,
  author    = {Leye Wang and Daqing Zhang and Yasha Wang and Chao Chen and Xiao Han and Abdallah M'hamed},
  title     = {{Sparse Mobile Crowdsensing: Challenges and Opportunities}},
  journal   = {{IEEE} Communications Magazine},
  volume    = {54},
  number    = {7},
  pages     = {161--167},
  year      = {2016},
  doi       = {10.1109/MCOM.2016.7509395},
}

@article{zh_cn:shi,
  author    = {施巍松 and 张星洲 and 王一帆 and 张庆阳},
  title     = {{边缘计算：现状与展望}},
  journal   = {计算机研究与发展},
  volume    = {56},
  number    = {01},
  pages     = {69--89},
  year      = {2019},
  doi       = {10.7544/issn1000-1239.2019.10180760},
}

@article{DBLP:journals/cm/SunA16,
  author    = {Xiang Sun and Nirwan Ansari},
  title     = {{EdgeIoT: Mobile Edge Computing for the Internet of Things}},
  journal   = {{IEEE} Communications Magazine},
  volume    = {54},
  number    = {12},
  pages     = {22--29},
  year      = {2016},
  doi       = {10.1109/MCOM.2016.1600492CM},
}

@article{DBLP:journals/tpds/ZhaoMTL15,
  author    = {Dong Zhao and Huadong Ma and Shaojie Tang and Xiang{-}Yang Li},
  title     = {{COUPON: A Cooperative Framework for Building Sensing Maps in Mobile Opportunistic Networks}},
  journal   = {{IEEE} Transactions on Parallel and Distributed Systems},
  volume    = {26},
  number    = {2},
  pages     = {392--402},
  year      = {2015},
  doi       = {10.1109/TPDS.2014.2308178},
}

@article{DBLP:journals/access/MarjanovicAZ18,
  author    = {Martina Marjanovic and Aleksandar Antonic and Ivana Podnar Zarko},
  title     = {{Edge Computing Architecture for Mobile Crowdsensing}},
  journal   = {{IEEE} Access},
  volume    = {6},
  pages     = {10662-10674},
  year      = {2018},
  doi       = {10.1109/ACCESS.2018.2799707},
}

@article{DBLP:journals/iotj/ChiangZ16,
  author    = {Mung Chiang and Tao Zhang},
  title     = {{Fog and IoT: an Overview of Research Opportunities}},
  journal   = {{IEEE} Internet of Things Journal},
  volume    = {3},
  number    = {6},
  pages     = {854-864},
  year      = {2016},
  doi       = {10.1109/JIOT.2016.2584538},
}

@article{DBLP:journals/cm/GuoCZYC16,
  author    = {Bin Guo and Chao Chen and Daqing Zhang and Zhiwen Yu and Alvin Chin},
  title     = {{Mobile Crowd Sensing and Computing: When Participatory Sensing Meets Participatory Social Media}},
  journal   = {{IEEE} Communications Magazine},
  volume    = {54},
  number    = {2},
  pages     = {131-137},
  year      = {2016},
  doi       = {10.1109/MCOM.2016.7402272},
}

@article{DBLP:journals/cm/RosenLLCMB14,
  author    = {Sanae Rosen and Sung{-}Ju Lee and Jeongkeun Lee and Paul Congdon and Zhuoqing Morley Mao and Ken Burden},
  title     = {{MCnet: Crowdsourcing Wireless Performance Measurements through the Eyes of Mobile Devices}},
  journal   = {{IEEE} Communications Magazine},
  volume    = {52},
  number    = {10},
  pages     = {86-91},
  year      = {2014},
  doi       = {10.1109/MCOM.2014.6917407}
}

@article{DBLP:journals/puc/WangLL17,
  author    = {Yu Wang and Hanshang Li and Ting Li},
  title     = {{Participant Selection for Data Collection through Device-To-Device Communications in Mobile Sensing}},
  journal   = {Personal and Ubiquitous Computing},
  volume    = {21},
  number    = {1},
  pages     = {31-41},
  year      = {2017},
  doi       = {10.1007/s00779-016-0974-0}
}

@article{DBLP:journals/twc/LiW14,
  author    = {Yujin Li and Wenye Wang},
  title     = {{Message Dissemination in Intermittently Connected D2D Communication Networks}},
  journal   = {{IEEE} Transactions on Wireless Communications},
  volume    = {13},
  number    = {7},
  pages     = {3978-3990},
  year      = {2014},
  doi       = {10.1109/TWC.2014.2317703},
}

@article{DBLP:journals/winet/ZhaoMLT18,
  author    = {Dong Zhao and Huadong Ma and Qi Li and Shaojie Tang},
  title     = {{A Unified Delay Analysis Framework for Opportunistic Data Collection}},
  journal   = {Wireless Networks},
  volume    = {24},
  number    = {4},
  pages     = {1313-1325},
  year      = {2018},
  doi       = {10.1007/s11276-016-1403-z},
}

@article{DBLP:journals/fgcs/AntonicMPZ16,
  author    = {Aleksandar Antonic and Martina Marjanovic and Kresimir Pripuzic and Ivana Podnar Zarko},
  title     = {{A Mobile Crowd Sensing Ecosystem enabled by CUPUS: Cloud-based Publish/Subscribe Middleware for the Internet of Things}},
  journal   = {Future Generation Computing System},
  volume    = {56},
  pages     = {607-622},
  year      = {2016},
  doi       = {10.1016/j.future.2015.08.005},
}

@article{DBLP:journals/pe/GroeneveltNK05,
  author    = {Robin Groenevelt and Philippe Nain and Ger Koole},
  title     = {{The Message Delay in Mobile Ad Hoc Networks}},
  journal   = {Performance Evaluation},
  volume    = {62},
  number    = {4},
  pages     = {210-228},
  year      = {2005},
  doi       = {10.1016/j.peva.2005.07.018},
}

@article{Lee:2013fj,
author = {Lee, Kyunghan and Lee, Joohyun and Yi, Yung and Rhee, Injong and Chong, Song},
title = {{Mobile Data Offloading: How Much can WiFi Deliver?}},
journal = {IEEE/ACM Transactions on Networking},
year = {2013},
volume = {21},
number = {2},
pages = {536-550}
}

@article{Linthicum:2017vv,
author={D. S. Linthicum},
journal={IEEE Cloud Computing},
title = {{Cloud Computing Changes Data Integration Forever: What's Needed Right Now}},
year={2017},
volume={4},
number={3},
pages={50-53},
doi={10.1109/MCC.2017.47}
}

@article{Kumar:2013dq,
author = {Kumar, Karthik and Liu, Jibang and Lu, Yung Hsiang and Bhargava, Bharat},
title = {{A Survey of Computation Offloading for Mobile Systems}},
journal = {Mobile Networks and Applications},
year = {2013},
volume = {18},
number = {1},
pages = {129-140}
}

@article{Dasgupta:2012:DMD:2400771.2401550,
author = {Dasgupta, Mou and Biswas, G. P.},
title = {{Design of Multi-path Data Routing Algorithm Based on Network Reliability}},
journal = {Computers \& Electrical Engineering},
volume = {38},
number = {6},
year = {2012},
pages = {1433-1443},
doi = {10.1016/j.compeleceng.2012.04.013},
}

@article{ganti2011mobile,
  author    = {Raghu K. Ganti and Fan Ye and Hui Lei},
  title     = {{Mobile Crowdsensing: Current State and Future Challenges}},
  journal   = {IEEE Communications Magazine},
  volume    = {49},
  number    = {11},
  pages     = {32-39},
  year      = {2011},
  doi       = {10.1109/MCOM.2011.6069707},
}

@article{DBLP:journals/csur/GuoWYWYHZ15,
  author    = {Bin Guo and Zhu Wang and Zhiwen Yu and Yu Wang and Neil Y. Yen and Runhe Huang and Xingshe Zhou},
  title     = {{Mobile Crowd Sensing and Computing: The Review of an Emerging Human-Powered Sensing Paradigm}},
  journal   = {ACM Computing Surveys},
  volume    = {48},
  number    = {1},
  pages     = {1-31},
  year      = {2015},
  doi       = {10.1145/2794400},
}

@article{DBLP:journals/tii/TangCHPWHY17,
  author    = {Bo Tang and Zhen Chen and Gerald Hefferman and Shuyi Pei and Tao Wei and Haibo He and Qing Yang},
  title     = {{Incorporating Intelligence in Fog Computing for Big Data Analysis in Smart Cities}},
  journal   = {IEEE Trans. Industrial Informatics},
  volume    = {13},
  number    = {5},
  pages     = {2140-2150},
  year      = {2017},
  doi       = {10.1109/TII.2017.2679740},
}

@article{DBLP:journals/iotj/ZhanXZW18,
  author    = {Yufeng Zhan and Yuanqing Xia and Jinhui Zhang and Yu Wang},
  title     = {{Incentive Mechanism Design in Mobile Opportunistic Data Collection with Time Sensitivity}},
  journal   = {{IEEE} J. Internet of Things},
  volume    = {5},
  number    = {1},
  pages     = {246-256},
  year      = {2018},
  doi       = {10.1109/JIOT.2017.2779176},
}

@article{DBLP:journals/iotj/ShiCZLX16,
  author    = {Weisong Shi and Jie Cao and Quan Zhang and Youhuizi Li and Lanyu Xu},
  title     = {{Edge Computing: Vision and Challenges}},
  journal   = {{IEEE} Internet of Things Journal},
  volume    = {3},
  number    = {5},
  pages     = {637--646},
  year      = {2016},
  doi       = {10.1109/JIOT.2016.2579198},
}

@article{DBLP:journals/cacm/ArmbrustFGJKKLPRSZ10,
  author    = {Michael Armbrust and Armando Fox and Rean Griffith and Anthony D. Joseph and Randy H. Katz and Andy Konwinski and Gunho Lee and David A. Patterson and Ariel Rabkin and Ion Stoica and Matei Zaharia},
  title     = {{A View of Cloud Computing}},
  journal   = {Communications of the {ACM}},
  volume    = {53},
  number    = {4},
  pages     = {50--58},
  year      = {2010},
  doi       = {10.1145/1721654.1721672},
}

@article{DBLP:journals/micro/KatoTINTH15,
  author    = {Shinpei Kato and Eijiro Takeuchi and Yoshio Ishiguro and Yoshiki Ninomiya and Kazuya Takeda and Tsuyoshi Hamada},
  title     = {{An Open Approach to Autonomous Vehicles}},
  journal   = {{IEEE} Micro},
  volume    = {35},
  number    = {6},
  pages     = {60--68},
  year      = {2015},
  doi       = {10.1109/MM.2015.133},
}

@article{JCRD/shi17,
  author    = {施巍松 and 孙辉 and 曹杰 and 张权 and 刘伟},
  title     = {{边缘计算:万物互联时代新型计算模型}},
  journal   = {计算机研究与发展},
  volume    = {54},
  number    = {05},
  pages     = {907--924},
  year      = {2017},
}

@article{hu2015mobile,
  title={{Mobile Edge Computing—A Key Technology towards 5G}},
  author={Hu, Yun Chao and Patel, Milan and Sabella, Dario and Sprecher, Nurit and Young, Valerie},
  journal={ETSI white paper},
  volume={11},
  number={11},
  pages={1--16},
  year={2015}
}

@article{DBLP:journals/cn/AkyildizSSC02,
  author    = {Ian F. Akyildiz and Weilian Su and Yogesh Sankarasubramaniam and Erdal Cayirci},
  title     = {{Wireless Sensor Networks: A Survey}},
  journal   = {Computer Networks},
  volume    = {38},
  number    = {4},
  pages     = {393--422},
  year      = {2002},
  doi       = {10.1016/S1389-1286(01)00302-4},
}

@article{CNKI/2006/WSNRen,
  author    = {任彦 and 张思东 and 张宏科},
  title     = {{无线传感器网络中覆盖控制理论与算法}},
  journal   = {软件学报},
  volume    = {03},
  pages     = {422--433},
  year      = {2006},
}

@article{CNKI/2014/CSNSYu,
  author    = {吴文乐 and 郭斌 and 於志文},
  title     = {{基于群智感知的城市噪声检测与时空规律分析}},
  journal   = {计算机辅助设计与图形学学报},
  volume    = {26},
  number    = {04},
  pages     = {638--643},
  year      = {2014},
}

@article{DBLP:journals/network/MaZZWP13,
  author    = {Xiaoqiang Ma and Yuan Zhao and Lei Zhang and Haiyang Wang and Limei Peng},
  title     = {{When Mobile Terminals Meet the Cloud: Computation Offloading as the Bridge}},
  journal   = {{IEEE} Network},
  volume    = {27},
  number    = {5},
  pages     = {28--33},
  year      = {2013},
  doi       = {10.1109/MNET.2013.6616112},
}

@article{DBLP:journals/monet/KumarLLB13,
  author    = {Karthik Kumar and Jibang Liu and Yung{-}Hsiang Lu and Bharat K. Bhargava},
  title     = {{A Survey of Computation Offloading for Mobile Systems}},
  journal   = {{Mobile Networks and Applications}},
  volume    = {18},
  number    = {1},
  pages     = {129--140},
  year      = {2013},
  doi       = {10.1007/s11036-012-0368-0},
}

@article{DBLP:journals/pervasive/SatyanarayananBCD09,
  author    = {Mahadev Satyanarayanan and Paramvir Bahl and Ram{\'{o}}n C{\'{a}}ceres and Nigel Davies},
  title     = {{The Case for VM-Based Cloudlets in Mobile Computing}},
  journal   = {{IEEE} Pervasive Computing},
  volume    = {8},
  number    = {4},
  pages     = {14--23},
  year      = {2009},
  doi       = {10.1109/MPRV.2009.82},
}

@article{DBLP:journals/computer/KumarL10,
  author    = {Karthik Kumar and Yung{-}Hsiang Lu},
  title     = {Cloud Computing for Mobile Users: Can Offloading Computation Save Energy?},
  journal   = {{IEEE} Computer},
  volume    = {43},
  number    = {4},
  pages     = {51--56},
  year      = {2010},
  doi       = {10.1109/MC.2010.98},
}

@article{DBLP:journals/ton/ChenJLF16,
  author    = {Xu Chen and Lei Jiao and Wenzhong Li and Xiaoming Fu},
  title     = {{Efficient Multi-User Computation Offloading for Mobile-Edge Cloud Computing}},
  journal   = {{IEEE/ACM} Trans. Network},
  volume    = {24},
  number    = {5},
  pages     = {2795--2808},
  year      = {2016},
  doi       = {10.1109/TNET.2015.2487344},
}

@article{DBLP:journals/tsipn/SardellittiSB15,
  author    = {Stefania Sardellitti and Gesualdo Scutari and Sergio Barbarossa},
  title     = {{Joint Optimization of Radio and Computational Resources for Multicell Mobile-Edge Computing}},
  journal   = {{IEEE} Trans. Signal and Information Processing over Networks},
  volume    = {1},
  number    = {2},
  pages     = {89--103},
  year      = {2015},
  doi       = {10.1109/TSIPN.2015.2448520},
}

@article{gao2015cloudlets,
  title={Are Cloudlets Necessary?},
  author={Gao, Ying and Hu, Wenlu and Ha, Kiryong and Amos, Brandon and Pillai, Padmanabhan and Satyanarayanan, Mahadev},
  journal={School Computing Science, Carnegie Mellon University, Pittsburgh},
  volume={15},
  number={139},
  year={2015},
}

@article{DBLP:journals/cm/BastugBD14,
  author    = {Ejder Bastug and Mehdi Bennis and M{\'{e}}rouane Debbah},
  title     = {{Living on the Edge: the Role of Proactive Caching in 5G Wireless Networks}},
  journal   = {{IEEE} Communications Magazine},
  volume    = {52},
  number    = {8},
  pages     = {82--89},
  year      = {2014},
  doi       = {10.1109/MCOM.2014.6871674},
}

@article{DBLP:journals/jsac/LyuNTLWGP17,
  author    = {Xinchen Lyu and Wei Ni and Hui Tian and Ren Ping Liu and Xin Wang and Georgios B. Giannakis and Arogyaswami Paulraj},
  title     = {{Optimal Schedule of Mobile Edge Computing for Internet of Things Using Partial Information}},
  journal   = {{IEEE} Journal on Selected Areas in Communications},
  volume    = {35},
  number    = {11},
  pages     = {2606--2615},
  year      = {2017},
  doi       = {10.1109/JSAC.2017.2760186},
}

@article{DBLP:journals/iotj/ZhangZSZ18,
  author    = {Qingyang Zhang and Quan Zhang and Weisong Shi and Hong Zhong},
  title     = {{Distributed Collaborative Execution on the Edges and Its Application to {AMBER} Alerts}},
  journal   = {{IEEE} Journal on Internet of Things},
  volume    = {5},
  number    = {5},
  pages     = {3580--3593},
  year      = {2018},
  doi       = {10.1109/JIOT.2018.2845898},
}

@article{DBLP:journals/fgcs/FarrisMNAI17,
  author    = {Ivan Farris and Leonardo Militano and Michele Nitti and Luigi Atzori and Antonio Iera},
  title     = {{MIFaaS: {A} Mobile-IoT-Federation-as-a-Service Model for dynamic cooperation of IoT Cloud Providers}},
  journal   = {Future Generation Computing System},
  volume    = {70},
  pages     = {126--137},
  year      = {2017},
  doi       = {10.1016/j.future.2016.06.028},
}

@article{DBLP:journals/fgcs/SatriaPJ17,
  author    = {Dimas Satria and Daihee Park and Minho Jo},
  title     = {{Recovery for Overloaded Mobile Edge Computing}},
  journal   = {Future Generation Computing System},
  volume    = {70},
  pages     = {138--147},
  year      = {2017},
  doi       = {10.1016/j.future.2016.06.024},
}

@article{DBLP:journals/fgcs/TarnebergMWTEKE17,
  author    = {William T{\"{a}}rneberg and Amardeep Mehta and Eddie Wadbro and Johan Tordsson and Johan Eker and Maria Kihl and Erik Elmroth},
  title     = {{Dynamic Application Placement in the Mobile Cloud Network}},
  journal   = {Future Generation Computing System},
  volume    = {70},
  pages     = {163--177},
  year      = {2017},
  doi       = {10.1016/j.future.2016.06.021},
}

@article{McKeown:2008dn,
author = {McKeown, Nick and Anderson, Tom and Balakrishnan, Hari and Parulkar, Guru and Peterson, Larry and Rexford, Jennifer and Shenker, Scott and Turner, Jonathan},
title = {{OpenFlow: Enabling Innovation in Campus Networks}},
journal = {ACM SIGCOMM Computer Communication Review},
volume = {38},
number = {2},
year = {2008},
pages = {69-74},
doi = {10.1145/1355734.1355746},
}

@article{Flores:2017bv,
author = {Flores, Huber and Sharma, Rajesh and Ferreira, Denzil and Kostakos, Vassilis and Manner, Jukka and Tarkoma, Sasu and Hui, Pan and Li, Yong},
title = {{Social-aware Hybrid Mobile Offloading}},
journal = {Pervasive and Mobile Computing},
year = {2017},
volume = {36},
pages = {25-43}
}

@article{Han:2012dl,
author = {Han, Bo and Hui, Pan and Kumar, V S Anil and Marathe, Madhav V and Shao, Jianhua and Srinivasan, Aravind},
title = {{Mobile Data Offloading through Opportunistic Communications and Social Participation}},
journal = {IEEE Transactions on Mobile Computing},
year = {2012},
volume = {11},
number = {5},
pages = {821-834}
}

@article{DBLP:journals/tase/PengGXGY18,
  author    = {Zhe Peng and Shang Gao and Bin Xiao and Songtao Guo and Yuanyuan Yang},
  title     = {{CrowdGIS: Updating Digital Maps via Mobile Crowdsensing}},
  journal   = {{IEEE} Transactions on Automation Science and Engineering},
  volume    = {15},
  number    = {1},
  pages     = {369-380},
  year      = {2018},
  doi       = {10.1109/TASE.2017.2761793},
}

@article{DBLP:journals/iotj/GanzPBC15,
  author    = {Frieder Ganz and Daniel Puschmann and Payam M. Barnaghi and Fran{\c{c}}ois Carrez},
  title     = {{A Practical Evaluation of Information Processing and Abstraction Techniques for the Internet of Things}},
  journal   = {IEEE J. Internet of Things},
  volume    = {2},
  number    = {4},
  pages     = {340-54},
  year      = {2015},
  doi       = {10.1109/JIOT.2015.2411227},
}

@article{DBLP:journals/cm/WangYXJD17,
  author    = {Xiaokang Wang and Laurence T. Yang and Xia Xie and Jirong Jin and M. Jamal Deen},
  title     = {{A Cloud-Edge Computing Framework for Cyber-Physical-Social Services}},
  journal   = {IEEE Communications Magazine},
  volume    = {55},
  number    = {11},
  pages     = {80-85},
  year      = {2017},
  doi       = {10.1109/MCOM.2017.1700360},
}

@article{DBLP:journals/iotj/RazzaqueMPC16,
  author    = {Mohammad Abdur Razzaque and Marija Milojevic{-}Jevric and Andrei Palade and Siobh{\'{a}}n Clarke},
  title     = {{Middleware for Internet of Things: A Survey}},
  journal   = {IEEE J. Internet of Things},
  volume    = {3},
  number    = {1},
  pages     = {70-95},
  year      = {2016},
  doi       = {10.1109/JIOT.2015.2498900},
}

@article{AI201877,
author = {Yuan Ai and Mugen Peng and Kecheng Zhang},
title = {{Edge Computing Technologies for Internet of Things: A Primer}},
journal = {Digital Communications and Networks},
volume = {4},
number = {2},
pages = {77-86},
year = {2018},
doi = {https://doi.org/10.1016/j.dcan.2017.07.001},
}

@article{DBLP:journals/iotj/LinYZYZZ17,
  author    = {Jie Lin and Wei Yu and Nan Zhang and Xinyu Yang and Hanlin Zhang and Wei Zhao},
  title     = {{A Survey on Internet of Things: Architecture, Enabling Technologies, Security and Privacy, and Applications}},
  journal   = {IEEE J. Internet of Things},
  volume    = {4},
  number    = {5},
  pages     = {1125-1142},
  year      = {2017},
  doi       = {10.1109/JIOT.2017.2683200},
}

@article{DBLP:journals/iotj/BrogiF17,
  author    = {Antonio Brogi and Stefano Forti},
  title     = {{QoS-Aware Deployment of IoT Applications Through the Fog}},
  journal   = {IEEE J. Internet of Things},
  volume    = {4},
  number    = {5},
  pages     = {1185-1192},
  year      = {2017},
  doi       = {10.1109/JIOT.2017.2701408},
}

@article{DBLP:journals/iotj/BasudanLS17,
  author    = {Sultan Basudan and Xiaodong Lin and Karthik Sankaranarayanan},
  title     = {{A Privacy-Preserving Vehicular Crowdsensing-Based Road Surface Condition Monitoring System Using Fog Computing}},
  journal   = {IEEE J. Internet of Things},
  volume    = {4},
  number    = {3},
  pages     = {772-782},
  year      = {2017},
  doi       = {10.1109/JIOT.2017.2666783},
}

@article{DBLP:journals/tvt/HouLCWJC16,
  author    = {Xueshi Hou and Yong Li and Min Chen and Di Wu and Depeng Jin and Sheng Chen},
  title     = {{Vehicular Fog Computing: A Viewpoint of Vehicles as the Infrastructures}},
  journal   = {IEEE Trans. Vehicular Technology},
  volume    = {65},
  number    = {6},
  pages     = {3860-3873},
  year      = {2016},
  doi       = {10.1109/TVT.2016.2532863},
}

@article{7466912,
author={M. Aazam and E. Huh},
journal={IEEE J. Potentials},
title={{Fog Computing: The Cloud-IoT/IoE Middleware Paradigm}},
year={2016},
volume={35},
number={3},
pages={40-44},
doi={10.1109/MPOT.2015.2456213},
}

@article{7835115,
author={P. Hu and H. Ning and T. Qiu and H. Song and Y. Wang and X. Yao},
journal={IEEE J. Internet of Things},
title={{Security and Privacy Preservation Scheme of Face Identification and Resolution Framework Using Fog Computing in Internet of Things}},
year={2017},
volume={4},
number={5},
pages={1143-1155},
doi={10.1109/JIOT.2017.2659783},
}

% ========== Proceedings ==========

@inproceedings{DBLP:conf/globecom/AslIAM13,
  author    = {Hamid Zargari Asl and Antonio Iera and Luigi Atzori and Giacomo Morabito},
  title     = {{How Often Social Objects Meet Each Other? Analysis of the Properties of A Social Network of IoT Devices Based on Real Data}},
  booktitle = {Proceedings of the IEEE Global Communications Conference},
  pages     = {2804--2809},
  year      = {2013},
  doi       = {10.1109/GLOCOM.2013.6831499},
}

@inproceedings{DBLP:conf/sensys/DuttaAKMMWW09,
  author    = {Prabal Dutta and Paul M. Aoki and Neil Kumar and Alan M. Mainwaring and Chris Myers and Wesley Willett and Allison Woodruff},
  title     = {{Common Sense: Participatory Urban Sensing Using A Network of Handheld Air Quality Monitors}},
  booktitle = {Proceedings of the IEEE International Conference on Embedded Networked Sensor Systems},
  pages     = {349--350},
  year      = {2009},
  doi       = {10.1145/1644038.1644095},
}

@inproceedings{DBLP:conf/wasa/YiQL15,
  author    = {Shanhe Yi and Zhengrui Qin and Qun Li},
  title     = {{Security and Privacy Issues of Fog Computing: A Survey}},
  booktitle = {Proceedings of the IEEE International Conference on Wireless Algorithms Systems and Applications},
  pages     = {685--695},
  year      = {2015},
  doi       = {10.1007/978-3-319-21837-3\_67},
}

@inproceedings{DBLP:conf/trustcom/SabtAB15,
  author    = {Mohamed Sabt and Mohammed Achemlal and Abdelmadjid Bouabdallah},
  title     = {{Trusted Execution Environment: What It is, and What It is Not}},
  booktitle = {Proceedings of the IEEE International Conference on Trust Security and Privacy in Computing and Communications},
  pages     = {57--64},
  year      = {2015},
  doi       = {10.1109/Trustcom.2015.357},
}

@inproceedings{DBLP:conf/isca/NingZSS17,
  author    = {Zhenyu Ning and Fengwei Zhang and Weisong Shi and Weidong Shi},
  title     = {{Position Paper: Challenges Towards Securing Hardware-assisted Execution Environments}},
  booktitle = {Proceedings of the IEEE International Conference on Hardware and Architectural Support for Security and Privacy},
  pages     = {6:1--6:8},
  year      = {2017},
  doi       = {10.1145/3092627.3092633},
}

@inproceedings{DBLP:conf/isca/HoekstraLPPC13,
  author    = {Matthew Hoekstra and Reshma Lal and Pradeep Pappachan and Vinay Phegade and Juan del Cuvillo},
  title     = {Using Innovative Instructions to Create Trustworthy Software Solutions},
  booktitle = {Proceedings of the IEEE International Conference Workshop on Hardware and Architectural Support for Security and Privacy},
  pages     = {11},
  year      = {2013},
  doi       = {10.1145/2487726.2488370},
}

@inproceedings{DBLP:conf/globecom/ZhangJLLC16,
  author    = {Fusang Zhang and Beihong Jin and Hai Liu and Yiu{-}Wing Leung and Xiaowen Chu},
  title     = {{Minimum-Cost Recruitment of Mobile Crowdsensing in Cellular Networks}},
  booktitle = {Proceedings of the {IEEE} Global Communications Conference},
  pages     = {1-7},
  year      = {2016},
  doi       = {10.1109/GLOCOM.2016.7841988},
}

@inproceedings{DBLP:conf/icdcs/XiaoWHHH16,
  author    = {Mingjun Xiao and Jie Wu and He Huang and Liusheng Huang and Chang Hu},
  title     = {{Deadline-Sensitive User Recruitment for Probabilistically Collaborative Mobile Crowdsensing}},
  booktitle = {Proceedings of the {IEEE} International Conference on Distributed Computing Systems},
  pages     = {721-722},
  year      = {2016},
  doi       = {10.1109/ICDCS.2016.15},
}

@inproceedings{DBLP:conf/infocom/KaraliopoulosTK15,
  author    = {Merkourios Karaliopoulos and Orestis Telelis and Iordanis Koutsopoulos},
  title     = {{User Recruitment for Mobile Crowdsensing over Opportunistic Networks}},
  booktitle = {Proceedings of the {IEEE} Conference on Computer Communications},
  pages     = {2254-2262},
  year      = {2015},
  doi       = {10.1109/INFOCOM.2015.7218612},
}

@inproceedings{DBLP:conf/sigcomm/BonomiMZA12,
  author    = {Flavio Bonomi and Rodolfo A. Milito and Jiang Zhu and Sateesh Addepalli},
  title     = {{Fog Computing and Its Role in the Internet of Things}},
  booktitle = {Proceedings of the IEEE International Conference on Mobile Cloud Computing (MCC)},
  pages     = {13-16},
  year      = {2012},
  doi       = {10.1145/2342509.2342513},
}

@inproceedings{DBLP:conf/huc/ZhangXWC14,
  author    = {Daqing Zhang and Haoyi Xiong and Leye Wang and Guanling Chen},
  title     = {Crowdrecruiter: Selecting Participants for Piggyback Crowdsensing under Probabilistic Coverage Constraint},
  booktitle = {Proceedings of the {ACM} Conference on Ubiquitous Computing},
  pages     = {703-714},
  year      = {2014},
  doi       = {10.1145/2632048.2632059}
}

@inproceedings{DBLP:conf/huc/ZhengLWZLC14,
  author    = {Yu Zheng and Tong Liu and Yilun Wang and Yanmin Zhu and Yanchi Liu and Eric Chang},
  title     = {{Diagnosing New York City's Noises with Ubiquitous Data}},
  booktitle = {Proceedings of the {ACM} Conference on Ubiquitous Computing},
  pages     = {715-725},
  year      = {2014},
  doi       = {10.1145/2632048.2632102}
}

@inproceedings{DBLP:conf/icdcs/ZhouJL15,
  author    = {Pengfei Zhou and Shiqi Jiang and Mo Li},
  title     = {{Urban Traffic Monitoring with the Help of Bus Riders}},
  booktitle = {Proceedings of the {IEEE} International Conference on Distributed Computing Systems},
  pages     = {21--30},
  year      = {2015},
  doi       = {10.1109/ICDCS.2015.11}
}

@inproceedings{DBLP:conf/wcnc/QinF13,
  author    = {Shuang Qin and Gang Feng},
  title     = {{Performance Modeling of Network Coding based Epidemic Routing in DTNs}},
  booktitle = {Proceedings of the IEEE Wireless Communications and Networking Conference},
  pages     = {2057-2062},
  year      = {2013},
  doi       = {10.1109/WCNC.2013.6554879},
}

@inproceedings{DBLP:conf/ccnc/MessaoudRG16,
  author    = {Rim Ben Messaoud and Zeineb Rejiba and Yacine Ghamri{-}Doudane},
  title     = {An Energy-Aware End-to-End Crowdsensing Platform: Sensarena},
  booktitle = {{Proceedings of the IEEE Annual Consumer Communications \& Networking Conference}},
  pages     = {284-285},
  year      = {2016},
  doi       = {10.1109/CCNC.2016.7444782},
}

@inproceedings{DBLP:conf/simutools/OK09,
  author    = {Ari Ker{\"{a}}nen and J{\"{o}}rg Ott and Teemu K{\"{a}}rkk{\"{a}}inen},
  title     = {{The ONE Simulator for DTN Protocol Evaluation}},
  booktitle = {Proceedings of the International Conference on Simulation Tools and Techniques for Communications},
  pages     = {55:1-55:10},
  year      = {2009},
  doi       = {10.4108/ICST.SIMUTOOLS2009.5674},
}

@inproceedings{Lantz:2010:NLR:1868447.1868466,
author = {Lantz, Bob and Heller, Brandon and McKeown, Nick},
title = {{A Network in a Laptop: Rapid Prototyping for Software-Defined Networks}},
booktitle = {{Proceedings of the ACM SIGCOMM Workshop on Hot Topics in Networks}},
year = {2010},
pages = {19:1-19:6},
doi = {10.1145/1868447.1868466},
}

@inproceedings{Qazi:2013:SMP:2486001.2486022,
author = {Qazi, Zafar Ayyub and Tu, Cheng-Chun and Chiang, Luis and Miao, Rui and Sekar, Vyas and Yu, Minlan},
title = {{SIMPLE-fying Middlebox Policy Enforcement Using SDN}},
booktitle = {{Proceedings of the ACM Conference on SIGCOMM}},
year = {2013},
pages = {27-38},
doi = {10.1145/2486001.2486022},
}

@inproceedings{Ferguson:2013:PNA:2486001.2486003,
author = {Ferguson, Andrew D. and Guha, Arjun and Liang, Chen and Fonseca, Rodrigo and Krishnamurthi, Shriram},
title = {{Participatory Networking: An API for Application Control of SDNs}},
booktitle = {{Proceedings of the ACM Conference on SIGCOMM}},
year = {2013},
pages = {327-338},
doi = {10.1145/2486001.2486003},
}

@inproceedings{Gupta:2014:SSD:2619239.2626300,
author = {Gupta, Arpit and Vanbever, Laurent and Shahbaz, Muhammad and Donovan, Sean P. and Schlinker, Brandon and Feamster, Nick and Rexford, Jennifer and Shenker, Scott and Clark, Russ and Katz-Bassett, Ethan},
title = {{SDX: A Software Defined Internet Exchange}},
booktitle = {{Proceedings of the ACM Conference on SIGCOMM}},
year = {2014},
pages = {551-562},
doi = {10.1145/2619239.2626300},
}

@inproceedings{Morabito:2017:FBS:3094405.3094413,
author = {Morabito, Roberto and Beijar, Nicklas},
title = {{A Framework Based on SDN and Containers for Dynamic Service Chains on IoT Gateways}},
booktitle = {{Proceedings of the ACM Workshop on Hot Topics in Container Networking and Networked Systems}},
year = {2017},
pages = {42-47},
doi = {10.1145/3094405.3094413},
}

@inproceedings{Katta:2014es,
author = {Katta, Naga and Alipourfard, Omid and Rexford, Jennifer and Walker, David},
title = {{Infinite CacheFlow in Software-Defined Networks}},
booktitle = {{Proceedings of the ACM Workshop on Hot Topics in Software Defined Networking}},
year = {2014},
pages = {175-180},
doi = {10.1145/2620728.2620734},
}

@inproceedings{DBLP:conf/icc/YuZZWKL10,
  author    = {Xiaoxiao Yu and Huasha Zhao and Lin Zhang and Shining Wu and Basskar Krishnamachari and Victor O. K. Li},
  title     = {{Cooperative Sensing and Compression in Vehicular Sensor Networks for Urban Monitoring}},
  booktitle = {Proceedings of the {IEEE} International Conference on Communications},
  pages     = {1-5},
  year      = {2010},
  doi       = {10.1109/ICC.2010.5502562}
}

@inproceedings{DBLP:conf/wasa/Yan0WWW17,
  author    = {Junjie Yan and Dapeng Wu and Honggang Wang and Dalei Wu and Ruyan Wang},
  title     = {{Social D2D Communications Based on Fog Computing for IoT Applications}},
  booktitle = {Proceedings of the International Conference on Wireless Algorithms, Systems, and Applications},
  pages     = {314-325},
  year      = {2017},
  doi       = {10.1007/978-3-319-60033-8\_28},
}

@inproceedings{DBLP:conf/icdcs/Montresor16,
  author    = {Alberto Montresor},
  title     = {{Reflecting on the Past, Preparing for the Future: From Peer-to-Peer to Edge-Centric Computing}},
  booktitle = {Proceedings of the {IEEE} International Conference on Distributed Computing Systems},
  pages     = {22--23},
  year      = {2016},
  doi       = {10.1109/ICDCS.2016.111},
}

@inproceedings{DBLP:conf/cvpr/GeigerLU12,
  author    = {Andreas Geiger and Philip Lenz and Raquel Urtasun},
  title     = {{Are We Ready for Autonomous Driving? The KITTI Vision Benchmark Suite}},
  booktitle = {Proceedings of the {IEEE} Conference on Computer Vision and Pattern Recognition},
  pages     = {3354--3361},
  year      = {2012},
  doi       = {10.1109/CVPR.2012.6248074},
}

@inproceedings{DBLP:conf/mobicom/LaiHCSD17,
  author    = {Zeqi Lai and Y. Charlie Hu and Yong Cui and Linhui Sun and Ningwei Dai},
  title     = {{Furion: Engineering High-Quality Immersive Virtual Reality on Today's Mobile Devices}},
  booktitle = {Proceedings of the Annual International Conference on Mobile Computing and Networking},
  pages     = {409--421},
  year      = {2017},
  doi       = {10.1145/3117811.3117815},
}

@inproceedings{DBLP:conf/edge/LiG18,
  author    = {Yong Li and Wei Gao},
  title     = {{MUVR: Supporting Multi-User Mobile Virtual Reality with Resource
               Constrained Edge Cloud}},
  booktitle = {Proceedings of the {IEEE/ACM} Symposium on Edge Computing},
  pages     = {1--16},
  year      = {2018},
  doi       = {10.1109/SEC.2018.00008},
}

@inproceedings{bonomi2011connected,
  title={{Connected Vehicles, the Internet of Things, and Fog Computing}},
  author={Bonomi, Flavio},
  booktitle={Proceedings of the ACM International Workshop on Vehicular Inter-Networking},
  pages={13--15},
  year={2011}
}

@inproceedings{DBLP:conf/wcnc/AliAEJH12,
  author    = {Kashif Ali and Dina Al{-}Yaseen and Ali Ejaz and Tayyab Javed and Hossam S. Hassanein},
  title     = {{CrowdITS: Crowdsourcing in intelligent transportation systems}},
  booktitle = {Proceedings of the {IEEE} Wireless Communications and Networking Conference},
  pages     = {3307--3311},
  year      = {2012},
  doi       = {10.1109/WCNC.2012.6214379},
}

@inproceedings{DBLP:conf/ispa/KovachevYK12,
  author    = {Dejan Kovachev and Tian Yu and Ralf Klamma},
  title     = {{Adaptive Computation Offloading from Mobile Devices into the Cloud}},
  booktitle = {Proceedings of the {IEEE} International Symposium on Parallel and Distributed Processing with Applications},
  pages     = {784--791},
  year      = {2012},
  doi       = {10.1109/ISPA.2012.115},
}

@inproceedings{DBLP:conf/secon/HassanXWC15,
  author    = {Mohammed Anowarul Hassan and Mengbai Xiao and Qi Wei and Songqing Chen},
  title     = {{Help Your Mobile Applications with Fog Computing}},
  booktitle = {Proceedings of the {IEEE} International Conference on Sensing, Communication, and Networking Workshops},
  pages     = {49--54},
  year      = {2015},
  doi       = {10.1109/SECONW.2015.7328146},
}

@inproceedings{DBLP:conf/mobilecloud/TakahashiTK15,
  author    = {Noriyuki Takahashi and Hiroyuki Tanaka and Ryutaro Kawamura},
  title     = {{Analysis of Process Assignment in Multi-tier mobile Cloud Computing and Application to Edge Accelerated Web Browsing}},
  booktitle = {Proceedings of the {IEEE} International Conference on Mobile Cloud Computing, Services, and Engineering},
  pages     = {233--234},
  year      = {2015},
  doi       = {10.1109/MobileCloud.2015.23},
}

@inproceedings{DBLP:conf/rndm/ZhangMLV016,
  author    = {Ke Zhang and Yuming Mao and Supeng Leng and Alexey V. Vinel and Yan Zhang},
  title     = {{Delay Constrained Offloading for Mobile Edge Computing in Cloud-Enabled Vehicular Networks}},
  booktitle = {Proceedings of the International Workshop on Resilient Networks Design and Modeling},
  pages     = {288--294},
  year      = {2016},
  doi       = {10.1109/RNDM.2016.7608300},
}

@inproceedings{DBLP:conf/IEEEcloud/HabakAHZ15,
  author    = {Karim Habak and Mostafa H. Ammar and Khaled A. Harras and Ellen W. Zegura},
  title     = {{Femto Clouds: Leveraging Mobile Devices to Provide Cloud Service at the Edge}},
  booktitle = {Proceedings of the {IEEE} International Conference on Cloud Computing},
  pages     = {9--16},
  year      = {2015},
  doi       = {10.1109/CLOUD.2015.12},
}

@inproceedings{DBLP:conf/infocom/RimalVM16,
  author    = {Bhaskar Prasad Rimal and Dung Pham Van and Martin Maier},
  title     = {{Mobile-Edge Computing vs. Centralized Cloud Computing in Fiber-Wireless Access Networks}},
  booktitle = {Proceedings of the {IEEE} Conference on Computer Communications Workshops},
  pages     = {991--996},
  year      = {2016},
  doi       = {10.1109/INFCOMW.2016.7562226},
}

@inproceedings{DBLP:conf/apsys/HuGHWACPS16,
  author    = {Wenlu Hu and Ying Gao and Kiryong Ha and Junjue Wang and Brandon Amos and Zhuo Chen and Padmanabhan Pillai and Mahadev Satyanarayanan},
  title     = {{Quantifying the Impact of Edge Computing on Mobile Applications}},
  booktitle = {Proceedings of the {ACM} {SIGOPS} Asia-Pacific Workshop on Systems},
  pages     = {5:1--5:8},
  year      = {2016},
  doi       = {10.1145/2967360.2967369},
}

@inproceedings{DBLP:conf/saso/MehtaTKTKE16,
  author    = {Amardeep Mehta and William Tarneberg and Cristian Klein and Johan Tordsson and Maria Kihl and Erik Elmroth},
  title     = {{How Beneficial Are Intermediate Layer Data Centers in Mobile Edge Networks?}},
  booktitle = {Proceedings of the {IEEE} 1st International Workshops on Foundations and Applications of Self* Systems},
  pages     = {222--229},
  year      = {2016},
  doi       = {10.1109/FAS-W.2016.55},
}

@inproceedings{nunna2015enabling,
  title={{Enabling Real-Time Context-Aware Collaboration through 5G and Mobile Edge Computing}},
  author={Nunna, Swaroop and Kousaridas, Apostolos and Ibrahim, Mohamed and Dillinger, Markus and Thuemmler, Christoph and Feussner, Hubertus and Schneider, Armin},
  booktitle={Proceedings of the International Conference on Information Technology-New Generations},
  pages={601--605},
  year={2015},
}

@inproceedings{DBLP:conf/aaai/Yao0KTJLGYL18,
  author    = {Huaxiu Yao and Fei Wu and Jintao Ke and Xianfeng Tang and Yitian Jia and Siyu Lu and Pinghua Gong and Jieping Ye and Zhenhui Li},
  title     = {{Deep Multi-View Spatial-Temporal Network for Taxi Demand Prediction}},
  booktitle = {Proceedings of the International Conference on Artificial Intelligence},
  pages     = {2588--2595},
  year      = {2018},
}

@inproceedings{DBLP:conf/edge/SunLS17,
  author    = {Hui Sun and Xu Liang and Weisong Shi},
  title     = {{VU: Video Usefulness and Its Application in Large-Scale Video Surveillance Systems: An Early Experience}},
  booktitle = {Proceedings of the Workshop on Smart Internet of Things},
  pages     = {6:1--6:6},
  year      = {2017},
  doi       = {10.1145/3132479.3132485},
}

@inproceedings{DBLP:conf/edge/LiuZQS18,
  author    = {Liangkai Liu and Xingzhou Zhang and Mu Qiao and Weisong Shi},
  title     = {{SafeShareRide: Edge-Based Attack Detection in Ridesharing Services}},
  booktitle = {Proceedings of the {IEEE/ACM} Symposium on Edge Computing},
  pages     = {17--29},
  year      = {2018},
  doi       = {10.1109/SEC.2018.00009},
}

@inproceedings{DBLP:conf/edge/LiuWB16,
  author    = {Peng Liu and Dale Willis and Suman Banerjee},
  title     = {{ParaDrop: Enabling Lightweight Multi-tenancy at the Network's Extreme Edge}},
  booktitle = {Proceedings of the {IEEE/ACM} Symposium on Edge Computing},
  pages     = {1--13},
  year      = {2016},
  doi       = {10.1109/SEC.2016.39},
}

@inproceedings{DBLP:conf/edge/NasticTD16,
  author    = {Stefan Nastic and Hong Linh Truong and Schahram Dustdar},
  title     = {{A Middleware Infrastructure for Utility-Based Provisioning of IoT Cloud Systems}},
  booktitle = {Proceedings of the {IEEE/ACM} Symposium on Edge Computing},
  pages     = {28--40},
  year      = {2016},
  doi       = {10.1109/SEC.2016.35},
}

@inproceedings{DBLP:conf/mwcn/OrsiniBL15,
  author    = {Gabriel Orsini and Dirk Bade and Winfried Lamersdorf},
  title     = {{Computing at the Mobile Edge: Designing Elastic Android Applications for Computation Offloading}},
  booktitle = {Proceedings of the Wireless and Mobile Networking Conference},
  pages     = {112--119},
  year      = {2015},
  doi       = {10.1109/WMNC.2015.10},
}

@inproceedings{DBLP:conf/globecom/GiroireMP14,
  author    = {Fr{\'{e}}d{\'{e}}ric Giroire and Joanna Moulierac and Truong Khoa Phan},
  title     = {{Optimizing Rule Placement in Software-Defined Networks for Energy-Aware Routing}},
  booktitle = {Proceedings of the {IEEE} Global Communications Conference},
  pages     = {2523--2529},
  year      = {2014},
  doi       = {10.1109/GLOCOM.2014.7037187},
}

@inproceedings{7881879, 
author={P. Habibi and M. Mokhtari and M. Sabaei}, 
booktitle={Proceedings of the International Symposium on Telecommunications}, 
title={{QRVE: QoS-aware routing and energy-efficient VM Placement for Software-Defined DataCenter Networks}}, 
year={2016}, 
pages={533-539}, 
doi={10.1109/ISTEL.2016.7881879}, 
}

@inproceedings{DBLP:conf/lcn/Fernandez-Fernandez16,
  author    = {Adriana Fern{\'{a}}ndez{-}Fern{\'{a}}ndez and Cristina Cervello{-}Pastor and Leonardo Ochoa{-}Aday},
  title     = {{Improved Energy-Aware Routing Algorithm in Software-Defined Networks}},
  booktitle = {Proceedings of the {IEEE} Conference on Local Computer Networks},
  pages     = {196--199},
  year      = {2016},
  doi       = {10.1109/LCN.2016.41},
}

@inproceedings{Kosta:2012cj,
author = {Kosta, Sokol and Aucinas, Andrius and Pan Hui and Mortier, Richard and Xinwen Zhang},
title = {{ThinkAir: Dynamic Resource Allocation and Parallel Execution in the Cloud for Mobile Code Offloading}},
booktitle = {{Proceedings of the IEEE International Conference on Computer Communications}},
year = {2012},
pages = {945-953},
}

@inproceedings{Chen:2016bd,
author = {Chen, Meng Hsi and Liang, Ben and Dong, Min},
title = {{Joint Offloading Decision and Resource Allocation for Multi-User Multi-Task Mobile Cloud}},
booktitle = {{Proceedings of the IEEE International Conference on Communications}},
year = {2016},
pages = {1-6},
}

@inproceedings{Baier:2012hb,
author={P. Baier and F. Durr and K. Rothermel},
title = {{TOMP: Opportunistic Traffic Offloading Using Movement Predictions}},
booktitle={Proceedings of the IEEE Conference on Local Computer Networks},
year={2012},
pages={50-58},
doi={10.1109/LCN.2012.6423668},
}

@inproceedings{DBLP:conf/itsc/PiaoA17,
  author    = {Bin Piao and Kenro Aihara},
  title     = {{Detecting The Road Surface Condition by Using Mobile Crowdsensing with Drive Recorder}},
  booktitle = {Proceedings of the International Conference on Intelligent Transportation Systems},
  pages     = {1-8},
  year      = {2017},
  doi       = {10.1109/ITSC.2017.8317818},
}


% ========== Books ==========
@book{Committee:2012un,
author = {{Open Networking Foundation}},
title = {{Software-defined networking: The new norm for networks}},
url = {https://www.opennetworking.org/images/stories/downloads/sdn-resources/white-papers/wp-sdn-newnorm.pdf},
year = {2012}
}

@book{Queueing:systems,
author = "Leonard Kleinrock",
title = "Queueing systems, volume 2: Computer applications",
publisher = "John Wiley \& Sons",
year = "1976"
}

@article{whitebooks/cn15,
  author = {国家智能制造标准化总体组},
  title = {中国数据中心能效研究报告},
  journal={白皮书},
  year = {2015}
}

@article{computing2015internet,
  title={The Internet of Things: Extend the Cloud to Where the Things are},
  author={Computing, Fog},
  journal={Cisco White Paper},
  year={2015}
}
